
@book{hecht1990,
	title = {The Fate of the Forest: Developers, Destroyers, and Defenders of the Amazon, Updated Edition},
	author = {Hecht, Susanna B. and Cockburn, Alexander},
	year = {1990},
	date = {1990},
	publisher = {University of Chicago Press},
	url = {https://press.uchicago.edu/ucp/books/book/chicago/F/bo10387801.html},
	address = {Chicago, IL},
	langid = {en}
}

@article{acker2014,
	title = {{"}O maior incêndio do planeta{"}: como a Volkswagen e o regime militar brasileiro acidentalmente ajudaram a transformar a Amazônia em uma arena política global},
	author = {Acker, Antoine},
	year = {2014},
	month = {12},
	date = {2014-12},
	journal = {Revista Brasileira de História},
	pages = {13--33},
	volume = {34},
	doi = {10.1590/S0102-01882014000200002},
	url = {http://www.scielo.br/j/rbh/a/XDXZs5W94Jrtgf3q8dK78Xh/abstract/?lang=pt},
	note = {Publisher: Associação Nacional de História - ANPUH},
	langid = {pt}
}

@book{hochstetler2007,
	title = {Greening Brazil: Environmental Activism in State and Society},
	author = {Hochstetler, Kathryn and Keck, Margaret E.},
	year = {2007},
	month = {08},
	date = {2007-08-08},
	doi = {10.1215/9780822390596},
	url = {https://read.dukeupress.edu/books/book/1266/Greening-BrazilEnvironmental-Activism-in-State-and},
	note = {DOI: 10.1215/9780822390596},
	langid = {en}
}

@article{lepolaindewaroux2021,
	title = {The role of culture in land system science},
	author = {de Waroux, Yann and Garrett, Rachael D. and Chapman, Mollie and Friis, Cecilie and Hoelle, Jeffrey and Hodel, Leonie and Hopping, Kelly and Zaehringer, Julie Gwendolin},
	year = {2021},
	month = {07},
	date = {2021-07-04},
	journal = {Journal of Land Use Science},
	pages = {450--466},
	volume = {16},
	number = {4},
	doi = {10.1080/1747423X.2021.1950229},
	url = {https://doi.org/10.1080/1747423X.2021.1950229},
	note = {Publisher: Taylor & his
{\_}eprint: https://doi.org/10.1080/1747423X.2021.1950229}
}

@book{hirschman1963,
	title = {Journeys Toward Progress: Studies of Economic Policy-making in Latin America},
	author = {Hirschman, Albert O.},
	year = {1963},
	date = {1963},
	publisher = {Twentieth Century Fund},
	note = {Google-Books-ID: pxGzAAAAIAAJ},
	langid = {en}
}

@article{zarefsky2004,
	title = {Presidential Rhetoric and the Power of Definition},
	author = {Zarefsky, David},
	year = {2004},
	date = {2004},
	journal = {Presidential Studies Quarterly},
	pages = {607--619},
	volume = {34},
	number = {3},
	url = {https://www.jstor.org/stable/27552615},
	note = {Publisher: [Wiley, Center for the Study of the Presidency and Congress]}
}

@techreport{alesina2009,
	title = {Preferences for Redistribution},
	author = {Alesina, Alberto F. and Giuliano, Paola},
	year = {2009},
	month = {03},
	date = {2009-03},
	url = {https://www.nber.org/papers/w14825},
	note = {Series: Working Paper Series
DOI: 10.3386/w14825}
}

@book{capobianco2021,
	title = {Amazônia: uma década de esperança},
	author = {Capobianco, João Paulo},
	year = {2021},
	date = {2021},
	publisher = {Estação Liberdade},
	edition = {1ª edição},
	address = {São Paulo},
	langid = {Português}
}

@article{assuncao2015,
	title = {Deforestation slowdown in the Brazilian Amazon: prices or policies?},
	author = {{Assunção}, Juliano and Gandour, Clarissa and Rocha, Rudi},
	year = {2015},
	month = {12},
	date = {2015-12},
	journal = {Environment and Development Economics},
	pages = {697--722},
	volume = {20},
	number = {6},
	doi = {10.1017/S1355770X15000078},
	url = {https://www.cambridge.org/core/journals/environment-and-development-economics/article/deforestation-slowdown-in-the-brazilian-amazon-prices-or-policies/056BD528BEFEC4FBB0471A73E3292684#},
	note = {Publisher: Cambridge University Press},
	langid = {en}
}

@article{capobianco2019,
	title = {Avances y retrocesos de la sostenibilidad en la Amazonia: un análisis de la gobernanza socioambiental en la Amazonia},
	author = {Capobianco, João Paulo},
	year = {2019},
	month = {01},
	date = {2019-01-25},
	url = {https://gredos.usal.es/handle/10366/139311},
	note = {Accepted: 2019-02-12T12:29:43Z
Publisher: Ediciones Universidad de Salamanca (España)},
	langid = {spa}
}

@article{harris2021,
	title = {Drought puts Amazon at risk of {\textquoteleft}large-scale dieback{\textquoteright}, researchers warn},
	author = {Harris, Bryan},
	year = {2021},
	month = {07},
	date = {2021-07-19},
	journal = {Financial Times},
	url = {https://www.ft.com/content/02071ae7-dcf5-4c61-9c3c-b55f5aef8b0e}
}

@article{miranda2021,
	title = {Bolsonaro{\textquoteright}s 1,000km Amazon railway will cause climate chaos. It must be stopped},
	author = {Miranda, David},
	year = {2021},
	month = {07},
	date = {2021-07-28},
	journal = {The Guardian},
	url = {https://www.theguardian.com/commentisfree/2021/jul/28/bolsonaro-amazon-railway-climate-chaos-must-be-stopped},
	langid = {australian}
}

@article{brice2021,
	title = {The Amazon Is Fast Approaching a Point of No Return},
	author = {Brice,  and Smith, },
	year = {2021},
	month = {07},
	date = {2021-07-29},
	journal = {Bloomberg.com},
	url = {https://www.bloomberg.com/news/features/2021-07-29/amazon-rainforest-deforestation-land-grabs-surge-under-bolsonaro-in-brazil},
	langid = {en}
}

@book{campbell2015,
	title = {Conjuring Property: Speculation and Environmental Futures in the Brazilian Amazon},
	author = {Campbell, Jeremy M.},
	year = {2015},
	month = {10},
	date = {2015-10-06},
	publisher = {University of Washington Press},
	edition = {Illustrated edition},
	address = {Seattle},
	langid = {English}
}

@book{hecht2013,
	title = {The Scramble for the Amazon and the {"}Lost Paradise{"} of Euclides da Cunha},
	author = {Hecht, Susanna B.},
	year = {2013},
	month = {05},
	date = {2013-05-09},
	publisher = {University of Chicago Press},
	edition = {First edition},
	address = {Chicago},
	langid = {English}
}

@book{garfield2013,
	title = {In Search of the Amazon: Brazil, the United States, and the Nature of a Region},
	author = {Garfield, Seth},
	year = {2013},
	month = {12},
	date = {2013-12-06},
	publisher = {Duke University Press Books},
	address = {Durham},
	langid = {English}
}

@article{andonova2014,
	title = {Boomerangs to Partnerships? Explaining State Participation in Transnational Partnerships for Sustainability},
	author = {Andonova, Liliana B.},
	year = {2014},
	month = {03},
	date = {2014-03-01},
	journal = {Comparative Political Studies},
	pages = {481--515},
	volume = {47},
	number = {3},
	doi = {10.1177/0010414013509579},
	url = {https://doi.org/10.1177/0010414013509579},
	note = {Publisher: SAGE Publications Inc},
	langid = {en}
}

@article{westerwinter2021,
	title = {Transnational public-private governance initiatives in world politics: Introducing a new dataset},
	author = {Westerwinter, Oliver},
	year = {2021},
	month = {01},
	date = {2021-01-01},
	journal = {The Review of International Organizations},
	pages = {137--174},
	volume = {16},
	number = {1},
	doi = {10.1007/s11558-019-09366-w},
	url = {https://doi.org/10.1007/s11558-019-09366-w},
	langid = {en}
}

@article{hochstetler2021,
	title = {Climate institutions in Brazil: three decades of building and dismantling climate capacity},
	author = {Hochstetler, Kathryn},
	year = {2021},
	month = {10},
	date = {2021-10-20},
	journal = {Environmental Politics},
	pages = {49--70},
	volume = {30},
	number = {sup1},
	doi = {10.1080/09644016.2021.1957614},
	url = {https://doi.org/10.1080/09644016.2021.1957614},
	note = {Publisher: Routledge
{\_}eprint: https://doi.org/10.1080/09644016.2021.1957614}
}

@article{franchini2019,
	title = {Myths and images in global climate governance, conceptualization and the case of Brazil (1989 - 2019)},
	author = {Franchini, Matias Alejandro and Viola, Eduardo},
	year = {2019},
	month = {09},
	date = {2019-09-12},
	journal = {Revista Brasileira de Política Internacional},
	volume = {62},
	doi = {10.1590/0034-7329201900205},
	url = {http://www.scielo.br/j/rbpi/a/6SN6fkjkqQcp5wW7LYNxWSn/abstract/?lang=en},
	note = {Publisher: Centro de Estudos Globais da Universidade de Brasília},
	langid = {en}
}

@article{becker2005,
	title = {Geopolítica da Amazônia},
	author = {Becker, Bertha K.},
	year = {2005},
	month = {04},
	date = {2005-04},
	journal = {Estudos Avançados},
	pages = {71--86},
	volume = {19},
	doi = {10.1590/S0103-40142005000100005},
	url = {http://www.scielo.br/j/ea/a/54s4tSXRLqzF3KgB7qRTWdg/abstract/?lang=pt},
	note = {Publisher: Instituto de Estudos Avançados da Universidade de São Paulo},
	langid = {pt}
}

@article{drummond2006,
	title = {Brazilian Environmental Laws and Policies, 1934-2002: A Critical Overview},
	author = {Drummond, Jose and Barros-Platiau, Ana Flavia},
	year = {2006},
	month = {01},
	date = {2006-01},
	journal = {Law <html{\_}ent glyph={"}@amp;{"} ascii={"}&amp;{"}/> Policy},
	pages = {83--108},
	volume = {28},
	number = {1},
	doi = {10.1111/j.1467-9930.2005.00218.x},
	url = {http://dx.doi.org/10.1111/j.1467-9930.2005.00218.x},
	langid = {en}
}

@article{acker2021,
	title = {Amazon Development},
	author = {Acker, Antoine},
	year = {2021},
	date = {2021},
	series = {Oxford Research Encyclopedia of Latin American History.},
	doi = {10.1093/acrefore/9780199366439.013.837},
	url = {https://oxfordre.com/latinamericanhistory/view/10.1093/acrefore/9780199366439.001.0001/acrefore-9780199366439-e-837},
	note = {Publisher: Oxford University Press},
	langid = {English}
}

@article{barros2020,
	title = {Discursos parlamentares sobre a Amazônia: sobre o que falam os deputados brasileiros},
	author = {Barros, Antonio Teixeira de},
	year = {2020},
	date = {2020},
	journal = {Política & Sociedade},
	pages = {299--331},
	volume = {19},
	number = {46},
	doi = {10.5007/2175-7984.2020.e66962},
	url = {https://periodicos.ufsc.br/index.php/politica/article/view/66962},
	note = {Number: 46},
	langid = {pt}
}

@article{calderwood2019,
	title = {Discourse in the Balance: American Presidential Discourse About Climate Change},
	author = {Calderwood, Kevin J.},
	year = {2019},
	month = {03},
	date = {2019-03-15},
	journal = {Communication Studies},
	pages = {235--252},
	volume = {70},
	number = {2},
	doi = {10.1080/10510974.2019.1572636},
	url = {https://doi.org/10.1080/10510974.2019.1572636},
	note = {Publisher: Routledge
{\_}eprint: https://doi.org/10.1080/10510974.2019.1572636}
}

@article{calderwood2020,
	title = {Going Global: Climate Change Discourse in Presidential Communications},
	author = {Calderwood, Kevin J.},
	year = {2020},
	month = {01},
	date = {2020-01-02},
	journal = {Environmental Communication},
	pages = {52--67},
	volume = {14},
	number = {1},
	doi = {10.1080/17524032.2019.1592005},
	url = {https://doi.org/10.1080/17524032.2019.1592005},
	note = {Publisher: Routledge
{\_}eprint: https://doi.org/10.1080/17524032.2019.1592005}
}

@article{putnam1988,
	title = {Diplomacy and Domestic Politics: The Logic of Two-Level Games},
	author = {Putnam, Robert D.},
	year = {1988},
	date = {1988},
	journal = {International Organization},
	pages = {427--460},
	volume = {42},
	number = {3},
	url = {https://www.jstor.org/stable/2706785},
	note = {Publisher: [MIT Press, University of Wisconsin Press, Cambridge University Press, International Organization Foundation]}
}

@article{bevitori2015,
	title = {Discursive Constructions of the Environment in American Presidential Speeches 1960{\textendash}2013: A Diachronic Corpus-Assisted Study},
	author = {Bevitori, Cinzia},
	year = {2015},
	date = {2015},
	journal = {Corpora and Discourse Studies},
	pages = {110--133},
	doi = {10.1057/9781137431738_6},
	url = {https://link.springer.com/chapter/10.1057/9781137431738_6},
	note = {Publisher: Palgrave Macmillan, London},
	langid = {en}
}

@book{bacchi2009,
	title = {Analysing Policy: What's the Problem Represented to Be?},
	author = {Bacchi, Carol Lee},
	year = {2009},
	date = {2009},
	publisher = {Pearson},
	note = {Google-Books-ID: wsSfPgAACAAJ},
	langid = {en}
}

@article{brown2017,
	title = {The presidential politics of climate discourse: Energy frames, policy, and political tactics from the 2016 Primaries in the United States},
	author = {Brown, George and Sovacool, Benjamin K.},
	year = {2017},
	month = {12},
	date = {2017-12-01},
	journal = {Energy Policy},
	pages = {127--136},
	volume = {111},
	doi = {10.1016/j.enpol.2017.09.019},
	url = {https://www.sciencedirect.com/science/article/pii/S0301421517305797},
	langid = {en}
}

@book{pacheco2019,
	title = {Ecxterminio y Tutela: Procesos de formación de alteridades en el Brasil},
	author = {Pacheco, {João}},
	year = {2019},
	date = {2019},
	number = {Ciencias sociales},
	edition = {UNSAM Edita},
	url = {http://www.unsamedita.unsam.edu.ar/product/exterminio-y-tutela-procesos-de-formacion-de-alteridades-en-el-brasil/}
}

@article{hirschman1975,
	title = {Policymaking and Policy Analysis in Latin America: A Return Journey},
	author = {Hirschman, Albert O.},
	year = {1975},
	date = {1975},
	journal = {Policy Sciences},
	pages = {385--402},
	volume = {6},
	number = {4},
	url = {https://www.jstor.org/stable/4531616},
	note = {Publisher: Springer}
}

@article{lopez2020,
	title = {Economic and cultural determinants of elite attitudes toward redistribution},
	author = {{López}, Matias and Moraes Silva, Graziella and Teeger, Chana and Marques, Pedro},
	year = {2020},
	month = {05},
	date = {2020-05-01},
	journal = {Socio-Economic Review},
	doi = {10.1093/ser/mwaa015},
	url = {http://dx.doi.org/10.1093/ser/mwaa015},
	langid = {en}
}

@article{fearnside1990,
	title = {The Rate and Extent of Deforestation in Brazilian Amazonia},
	author = {Fearnside, Philip M.},
	year = {1990},
	date = {1990},
	journal = {Environmental Conservation},
	pages = {213--226},
	volume = {17},
	number = {3},
	doi = {10.1017/s0376892900032355},
	url = {http://dx.doi.org/10.1017/S0376892900032355},
	langid = {en}
}

@article{simons1988,
	title = {Vast Amazon Fires, Man-Made, Linked To Global Warming},
	author = {Simons, Marlise and Times, Special To the New York},
	year = {1988},
	month = {08},
	date = {1988-08-12},
	journal = {The New York Times},
	url = {https://www.nytimes.com/1988/08/12/world/vast-amazon-fires-man-made-linked-to-global-warming.html},
	langid = {canadian}
}

@Manual{meyer2021,
    title = {e1071: Misc Functions of the Department of Statistics, Probability
Theory Group (Formerly: E1071), TU Wien},
    author = {David Meyer and Evgenia Dimitriadou and Kurt Hornik and Andreas Weingessel and Friedrich Leisch},
    year = {2021},
    note = {R package version 1.7-9},
    url = {https://CRAN.R-project.org/package=e1071},
}

@article{noble2006,
  title={What is a support vector machine?},
  author={Noble, William S},
  journal={Nature biotechnology},
  volume={24},
  number={12},
  pages={1565--1567},
  year={2006},
  publisher={Nature Publishing Group}
}

@article{cezar2020,
    title = {Brazilian Presidential Speeches from 1985 to July 2020},
    author = {Rodrigo Fagundes Cezar},
    year = {2020},
    url = {https://dataverse.harvard.edu/dataset.xhtml?persistentId=doi:10.7910/DVN/M9UU09},
}

@Manual{sposito2021,
    title = {poldis: Tools for analyzing political discourse},
    author = {Henrique Sposito},
    year = {2021},
    url = {https://github.com/henriquesposito/poldis},
}

@article{putnam1988,
 ISSN = {00208183, 15315088},
 URL = {http://www.jstor.org/stable/2706785},
 abstract = {Domestic politics and international relations are often inextricably entangled, but existing theories (particularly "state-centric" theories) do not adequately account for these linkages. When national leaders must win ratification (formal or informal) from their constituents for an international agreement, their negotiating behavior reflects the simultaneous imperatives of both a domestic political game and an international game. Using illustrations from Western economic summitry, the Panama Canal and Versailles Treaty negotiations, IMF stabilization programs, the European Community, and many other diplomatic contexts, this article offers a theory of ratification. It addresses the role of domestic preferences and coalitions, domestic political institutions and practices, the strategies and tactics of negotiators, uncertainty, the domestic reverberation of international pressures, and the interests of the chief negotiator. This theory of "two-level games" may also be applicable to many other political phenomena, such as dependency, legislative committees, and multiparty coalitions.},
 author = {Robert D. Putnam},
 journal = {International Organization},
 number = {3},
 pages = {427--460},
 publisher = {[MIT Press, University of Wisconsin Press, Cambridge University Press, International Organization Foundation]},
 title = {Diplomacy and Domestic Politics: The Logic of Two-Level Games},
 urldate = {2022-04-09},
 volume = {42},
 year = {1988}
}

@article{pike2019,
	title = {A Discursive Spectrum: The Narrative of Kenya{\textquoteright}s {\textquotedblleft}Neglected{\textquotedblright} Boy Child},
	author = {Pike, Isabel},
	year = {2019},
	month = {07},
	date = {2019-07-27},
	journal = {Gender & Society},
	pages = {284--306},
	volume = {34},
	number = {2},
	doi = {10.1177/0891243219863029},
	url = {http://dx.doi.org/10.1177/0891243219863029},
	langid = {en}
}

@article{viola1987,
	title = {O movimento ecológico no Brasil, 1974-1986: do ambientalismo à ecopolítica},
	author = {Viola, Eduardo J.},
	year = {1987},
	date = {1987},
	journal = {Revista Brasileira de Ciencias Sociais},
	pages = {5--26},
	volume = {3},
	number = {93},
	url = {http://anpocs.com/images/stories/RBCS/03/rbcs03_01.pdf},
	langid = {Português}
}

@book{djik2020,
  title={Antiracist Discourse in Brazil: From Abolition to Affirmative Action},
  author={Van Dijk, T.},
  isbn={9781793615480},
  url={https://books.google.ch/books?id=fBr8DwAAQBAJ},
  year={2020},
  publisher={Lexington Books}
}

@article{silva2019,
  title={The Bolsonaro election, antiblackness, and changing race relations in Brazil},
  author={Da Silva, Antonio Jos{\'e} Bacelar and Larkins, Erika Robb},
  journal={The Journal of Latin American and Caribbean Anthropology},
  volume={24},
  number={4},
  pages={893--913},
  year={2019},
  publisher={Wiley Online Library}
}

@article{fonseca2021,
  title={Political discourse, denialism and leadership failure in Brazil’s response to COVID-19},
  author={Fonseca, Elize Massard da and Nattrass, Nicoli and Lazaro, Lira Luz Benites and Bastos, Francisco In{\'a}cio},
  journal={Global Public Health},
  volume={16},
  number={8-9},
  pages={1251--1266},
  year={2021},
  publisher={Taylor \& Francis}
}

@article{malheiros1995,
  title={Os processos metaf{\'o}ricos do vocabul{\'a}rio da infla{\c{c}}{\~a}o no Brasil},
  author={Malheiros-Poulet, Maria Eugenia},
  journal={Organon},
  volume={9},
  number={23},
  year={1995}
}

@article{porto2007,
  title={Framing controversies: television and the 2002 presidential election in Brazil},
  author={Porto, Mauro P},
  journal={Political Communication},
  volume={24},
  number={1},
  pages={19--36},
  year={2007},
  publisher={Taylor \& Francis}
}

@article{htun2004,
  title={From" racial democracy" to affirmative action: changing state policy on race in Brazil},
  author={Htun, Mala},
  journal={Latin American Research Review},
  pages={60--89},
  year={2004},
  publisher={JSTOR}
}

@article{kwak2002multinomial,
  title={Multinomial logistic regression},
  author={Kwak, Chanyeong and Clayton-Matthews, Alan},
  journal={Nursing research},
  volume={51},
  number={6},
  pages={404--410},
  year={2002},
  publisher={LWW}
}

@Manual{@sposito2021,
    title = {poldis: Tools for analyzing political discourse},
    author = {Henrique Sposito},
    year = {2021},
    url = {https://github.com/henriquesposito/poldis},
  }

@book{pereira2021,
  title={Climate Change and Biodiversity Governance in the Amazon: At the Edge of Ecological Collapse?},
  author={Pereira, Joana Castro and Viola, Eduardo},
  year={2021},
  publisher={Routledge}
}

@article{krebs2007,
  title={Twisting tongues and twisting arms: The power of political rhetoric},
  author={Krebs, Ronald R and Jackson, Patrick Thaddeus},
  journal={European Journal of International Relations},
  volume={13},
  number={1},
  pages={35--66},
  year={2007},
  publisher={Sage Publications Sage CA: Thousand Oaks, CA}
}

@article{eshbaugh2010,
  title={How policy conditions the impact of presidential speeches on legislative success},
  author={Eshbaugh-Soha, Matthew},
  journal={Social Science Quarterly},
  volume={91},
  number={2},
  pages={415--435},
  year={2010},
  publisher={Wiley Online Library}
}

@article{druckman2004,
  title={Does presidential rhetoric matter? Priming and presidential approval},
  author={Druckman, James N and Holmes, Justin W},
  journal={Presidential Studies Quarterly},
  volume={34},
  number={4},
  pages={755--778},
  year={2004},
  publisher={Wiley Online Library}
}

@article{padua2012,
  title={Environmentalism in Brazil: a historical perspective},
  author={P{\'a}dua, Jos{\'e} Augusto},
  journal={A companion to global environmental history},
  volume={1},
  pages={455--473},
  year={2012},
  publisher={Oxford: Wiley-Blackwell}
}

@article{rottinghaus2009,
  title={Strategic leaders: Determining successful presidential opinion leadership tactics through public appeals},
  author={Rottinghaus, Brandon},
  journal={Political Communication},
  volume={26},
  number={3},
  pages={296--316},
  year={2009},
  publisher={Taylor \& Francis}
}

@article{kwak2002,
  title={Multinomial logistic regression},
  author={Kwak, Chanyeong and Clayton-Matthews, Alan},
  journal={Nursing research},
  volume={51},
  number={6},
  pages={404--410},
  year={2002},
  publisher={LWW}
}

@book{grimmer2022,
	title = {Text as Data: A New Framework for Machine Learning and the Social Sciences},
	author = {Grimmer, Justin and Roberts, Margaret E. and Stewart, Brandon M.},
	year = {2022},
	month = {03},
	date = {2022-03-29},
	publisher = {Princeton University Press},
	address = {Princeton, New Jersey Oxford},
	langid = {English}
}

@book{gillion2016,
	title = {Governing with Words: The Political Dialogue on Race, Public Policy, and Inequality in America},
	author = {Gillion, Daniel Q.},
	year = {2016},
	date = {2016},
	publisher = {Cambridge University Press},
	doi = {10.1017/CBO9781316412299},
	url = {https://www.cambridge.org/core/books/governing-with-words/5D4F713A016401E3FC3922C66D371FF2},
	note = {DOI: 10.1017/CBO9781316412299},
	address = {Cambridge}
}

@article{hochstetler2012,
	title = {Brazil and the politics of climate change: beyond the global commons},
	author = {Hochstetler, Kathryn and Viola, Eduardo},
	year = {2012},
	month = {09},
	date = {2012-09},
	journal = {Environmental Politics},
	pages = {753--771},
	volume = {21},
	number = {5},
	doi = {10.1080/09644016.2012.698884},
	url = {http://dx.doi.org/10.1080/09644016.2012.698884},
	langid = {en}
}

@book{keck1998,
	title = {Activists beyond Borders: Advocacy Networks in International Politics},
	author = {Keck, Margaret E. and Sikkink, Kathryn},
	year = {1998},
	month = {04},
	date = {1998-04-15},
	publisher = {Cornell University Press},
	edition = {1st Edition},
	address = {Ithaca, N.Y},
	langid = {English}
}

@inbook{silva-muller2022,
	title = {Protecting the Amazon and Its People: The Role of Civil Society in Local Effectiveness of Trasnational Partnerships},
	author = {Silva-Muller, Livio and Faul, Moira V.},
	year = {2022},
	month = {05},
	date = {2022-05-18},
	booktitle={Partnerships for Sustainability in Contemporary Global Governance},
  pages={83--103},
	publisher = {Routledge},
	pages = {83--103},
	doi = {10.4324/9781003148371-6},
	url = {http://dx.doi.org/10.4324/9781003148371-6}
}

@article{marquardt2022,
	title = {Same, same but different? How democratically elected right-wing populists shape climate change policymaking},
	author = {Marquardt, Jens and Oliveira, M. Cecilia and Lederer, Markus},
	year = {2022},
	month = {04},
	date = {2022-04-04},
	journal = {Environmental Politics},
	pages = {1--24},
	doi = {10.1080/09644016.2022.2053423},
	url = {http://dx.doi.org/10.1080/09644016.2022.2053423},
	langid = {en}
}

@article{abers2019,
	title = {Bureaucratic Activism: Pursuing Environmentalism Inside the Brazilian State},
	author = {Abers, Rebecca Neaera},
	year = {2019},
	month = {03},
	date = {2019-03-14},
	journal = {Latin American Politics and Society},
	pages = {21--44},
	volume = {61},
	number = {2},
	doi = {10.1017/lap.2018.75},
	url = {http://dx.doi.org/10.1017/lap.2018.75},
	langid = {en}
}

@article{silva-muller2022a,
	title = {Payment for ecosystem services and the practices of environmental fieldworkers in policy implementation: The case of Bolsa Floresta in the Brazilian Amazon},
	author = {Silva-Muller, Livio},
	year = {2022},
	month = {09},
	date = {2022-09},
	journal = {Land Use Policy},
	pages = {106251},
	volume = {120},
	doi = {10.1016/j.landusepol.2022.106251},
	url = {http://dx.doi.org/10.1016/j.landusepol.2022.106251},
	langid = {en}
}

@article{soares-filho2014,
	title = {Cracking Brazil's Forest Code},
	author = {Soares-Filho, Britaldo and {Rajão}, Raoni and Macedo, Marcia and Carneiro, Arnaldo and Costa, William and Coe, Michael and Rodrigues, Hermann and Alencar, Ane},
	year = {2014},
	month = {04},
	date = {2014-04-25},
	journal = {Science},
	pages = {363--364},
	volume = {344},
	number = {6182},
	doi = {10.1126/science.1246663},
	url = {http://dx.doi.org/10.1126/science.1246663},
	langid = {en}
}

@article{rajão2020,
	title = {The rotten apples of Brazil's agribusiness},
	author = {{Rajão}, Raoni and Soares-Filho, Britaldo and Nunes, Felipe and {Börner}, Jan and Machado, Lilian and Assis, {Débora} and Oliveira, Amanda and Pinto, Luis and Ribeiro, Vivian and Rausch, Lisa and Gibbs, Holly and Figueira, Danilo},
	year = {2020},
	month = {07},
	date = {2020-07-17},
	journal = {Science},
	pages = {246--248},
	volume = {369},
	number = {6501},
	doi = {10.1126/science.aba6646},
	url = {http://dx.doi.org/10.1126/science.aba6646},
	langid = {en}
}

@article{aklin2020,
	title = {Prisoners of the Wrong Dilemma: Why Distributive Conflict, Not Collective Action, Characterizes the Politics of Climate Change},
	author = {Aklin, {Michaël} and Mildenberger, Matto},
	year = {2020},
	month = {11},
	date = {2020-11-01},
	journal = {Global Environmental Politics},
	pages = {4--27},
	volume = {20},
	number = {4},
	doi = {10.1162/glep_a_00578},
	url = {http://dx.doi.org/10.1162/glep_a_00578},
	langid = {en}
}
