@Manual{iheiddown,
    title =     {iheiddown: A package for writing IHEID documents in RMarkdown},
    author =    {James Hollway},
    year =      {2021},
    note =      {R package version 0.8.0},
    url =       {https://github.com/jhollway/iheiddown},
}

@book{hecht1990,
	title = {The Fate of the Forest: Developers, Destroyers, and Defenders of the Amazon, Updated Edition},
	author = {Hecht, Susanna B. and Cockburn, Alexander},
	year = {1990},
	date = {1990},
	publisher = {University of Chicago Press},
	url = {https://press.uchicago.edu/ucp/books/book/chicago/F/bo10387801.html},
	address = {Chicago, IL},
	langid = {en}
}

@article{acker2014,
	title = {{"}O maior incêndio do planeta{"}: como a Volkswagen e o regime militar brasileiro acidentalmente ajudaram a transformar a Amazônia em uma arena política global},
	author = {Acker, Antoine},
	year = {2014},
	month = {12},
	date = {2014-12},
	journal = {Revista Brasileira de História},
	pages = {13--33},
	volume = {34},
	doi = {10.1590/S0102-01882014000200002},
	url = {http://www.scielo.br/j/rbh/a/XDXZs5W94Jrtgf3q8dK78Xh/abstract/?lang=pt},
	note = {Publisher: Associação Nacional de História - ANPUH},
	langid = {pt}
}

@book{hochstetler2007,
	title = {Greening Brazil: Environmental Activism in State and Society},
	author = {Hochstetler, Kathryn and Keck, Margaret E.},
	year = {2007},
	month = {08},
	date = {2007-08-08},
	doi = {10.1215/9780822390596},
	url = {https://read.dukeupress.edu/books/book/1266/Greening-BrazilEnvironmental-Activism-in-State-and},
	note = {DOI: 10.1215/9780822390596},
	langid = {en}
}

@book{hirschman1963,
	title = {Journeys Toward Progress: Studies of Economic Policy-making in Latin America},
	author = {Hirschman, Albert O.},
	year = {1963},
	date = {1963},
	publisher = {Twentieth Century Fund},
	note = {Google-Books-ID: pxGzAAAAIAAJ},
	langid = {en}
}

@article{zarefsky2004,
	title = {Presidential Rhetoric and the Power of Definition},
	author = {Zarefsky, David},
	year = {2004},
	date = {2004},
	journal = {Presidential Studies Quarterly},
	pages = {607--619},
	volume = {34},
	number = {3},
	url = {https://www.jstor.org/stable/27552615},
	note = {Publisher: [Wiley, Center for the Study of the Presidency and Congress]}
}

@article{drummond2006,
	title = {Brazilian Environmental Laws and Policies, 1934-2002: A Critical Overview},
	author = {Drummond, Jose and Barros-Platiau, Ana Flavia},
	year = {2006},
	month = {01},
	date = {2006-01},
	journal = {Law <html{\_}ent glyph={"}@amp;{"} ascii={"}&amp;{"}/> Policy},
	pages = {83--108},
	volume = {28},
	number = {1},
	doi = {10.1111/j.1467-9930.2005.00218.x},
	url = {http://dx.doi.org/10.1111/j.1467-9930.2005.00218.x},
	langid = {en}
}

@book{bacchi2009,
	title = {Analysing Policy: What's the Problem Represented to Be?},
	author = {Bacchi, Carol Lee},
	year = {2009},
	date = {2009},
	publisher = {Pearson},
	note = {Google-Books-ID: wsSfPgAACAAJ},
	langid = {en}
}
